<record><leader>00000cas a22000007a 4500</leader><controlfield tag="001">11827939</controlfield><controlfield tag="008">850320d18701929wiuwr ne      0    0eng d</controlfield><datafield ind1=" " ind2=" " tag="010"><subfield code="a">sn 85033298 </subfield></datafield><datafield ind1=" " ind2=" " tag="040"><subfield code="a">NPU</subfield><subfield code="b">eng</subfield><subfield code="c">NPU</subfield><subfield code="d">NPV</subfield><subfield code="d">NPX</subfield><subfield code="d">MGN</subfield><subfield code="d">OCLCQ</subfield></datafield><datafield ind1=" " ind2=" " tag="042"><subfield code="a">msc</subfield></datafield><datafield ind1=" " ind2=" " tag="045"><subfield code="a">w7x2</subfield></datafield><datafield ind1=" " ind2=" " tag="052"><subfield code="a">4123</subfield><subfield code="b">D5</subfield><subfield code="b">F6</subfield></datafield><datafield ind1="0" ind2="0" tag="245"><subfield code="a">Waupun leader.</subfield></datafield><datafield ind1=" " ind2=" " tag="260"><subfield code="a">Waupun, Wis. :</subfield><subfield code="b">Oliver &amp; Short,</subfield><subfield code="c">1870-1929.</subfield></datafield><datafield ind1=" " ind2=" " tag="300"><subfield code="a">59 v. :</subfield><subfield code="b">ill. ;</subfield><subfield code="c">66 cm.</subfield></datafield><datafield ind1=" " ind2=" " tag="310"><subfield code="a">Weekly</subfield></datafield><datafield ind1="0" ind2=" " tag="362"><subfield code="a">Vol. 5, no. 5 (Sept. 29, 1870)-v. 5, no. 20 (Jan. 12, 1871) = whole no. 213-whole no. 228 ; v. 5, no. 21 (Jan. 20, 1871)-v. 63, no. 31 (Jan. 31, 1929).</subfield></datafield><datafield ind1=" " ind2=" " tag="500"><subfield code="a">Publisher:Oliver Brothers, &lt;Aug. 7, 1874&gt;.</subfield></datafield><datafield ind1=" " ind2=" " tag="500"><subfield code="a">Editors: M.C. Short &amp; J.W. Oliver, Sept. 29, 1870-Sept. 29, 1871; Oliver Brothers, Feb. 14, 1879-June 27, 1902; R.H. Oliver, July 4, 1902-July 15, 1908; A.P. Andrews, April 20, 1916-July 27, 1922; J.E. Fladeland, Nov. 15, 1923-Feb. 14, 1924; G.W. Greene, April 2, 1925-Jan. 31, 1929.</subfield></datafield><datafield ind1=" " ind2=" " tag="525"><subfield code="a">Supplements accompany some issues.</subfield></datafield><datafield ind1=" " ind2=" " tag="530"><subfield code="a">Available on microfilm from The State Historical Society of Wisconsin.</subfield></datafield><datafield ind1=" " ind2=" " tag="752"><subfield code="a">United States</subfield><subfield code="b">Wisconsin</subfield><subfield code="c">Dodge</subfield><subfield code="d">Waupun.</subfield></datafield><datafield ind1=" " ind2=" " tag="752"><subfield code="a">United States</subfield><subfield code="b">Wisconsin</subfield><subfield code="c">Fond du Lac</subfield><subfield code="d">Waupun.</subfield></datafield><datafield ind1="0" ind2="0" tag="780"><subfield code="t">Prison City leader</subfield><subfield code="w">(DLC)sn 86086343</subfield></datafield><datafield ind1="0" ind2="7" tag="785"><subfield code="t">Waupun news</subfield><subfield code="w">(DLC)sn 85040763</subfield></datafield><datafield ind1="0" ind2="7" tag="785"><subfield code="t">Waupun leader-news</subfield><subfield code="w">(DLC)sn 86086344</subfield></datafield></record>